<?xml version="1.0" encoding="UTF-8"?><collection xmlns="http://www.loc.gov/MARC21/slim"><record><leader>00363nam--2200133-i-4500</leader><controlfield tag="001">000018003</controlfield><controlfield tag="002">20161230</controlfield><controlfield tag="005">20161230201032</controlfield><controlfield tag="008">060222s1000------------r-----000-0-eng-d</controlfield><datafield ind1=" " ind2=" " tag="100"><subfield code="a">Farley, F.J.M</subfield></datafield><datafield ind1=" " ind2=" " tag="245"><subfield code="a">Elements of pulse circuits</subfield></datafield><datafield ind1=" " ind2=" " tag="260"><subfield code="a">London, Methuen, 1956.  Viii + 143 P. Cu Fig</subfield></datafield><datafield ind1=" " ind2=" " tag="490"><subfield code="a">Methuen`S Monographs On Physical Subjects</subfield></datafield><datafield ind1=" " ind2=" " tag="852"><subfield code="a">12076</subfield></datafield></record></collection>